<record><leader>00000cas a22000007a 4500</leader><controlfield tag="001">8796648</controlfield><controlfield tag="008">820922d18381889ctuwr ne      0    0eng  </controlfield><datafield ind1=" " ind2=" " tag="010"><subfield code="a">sn 82014305 </subfield></datafield><datafield ind1=" " ind2=" " tag="040"><subfield code="a">DLC</subfield><subfield code="b">eng</subfield><subfield code="c">DLC</subfield><subfield code="d">NPX</subfield><subfield code="d">DLC</subfield><subfield code="d">NYG</subfield><subfield code="d">DLC</subfield><subfield code="d">OCL</subfield><subfield code="d">YOX</subfield><subfield code="d">CNW</subfield><subfield code="d">OCL</subfield><subfield code="d">OCLCQ</subfield><subfield code="d">KRTAS</subfield><subfield code="d">OCLCO</subfield><subfield code="d">OCLCA</subfield><subfield code="d">OCLCF</subfield><subfield code="d">CUS</subfield></datafield><datafield ind1=" " ind2=" " tag="012"><subfield code="b">3</subfield></datafield><datafield ind1=" " ind2=" " tag="019"><subfield code="a">11488002</subfield></datafield><datafield ind1=" " ind2=" " tag="042"><subfield code="a">msc</subfield></datafield><datafield ind1=" " ind2=" " tag="043"><subfield code="a">n-us-ct</subfield></datafield><datafield ind1="0" ind2="0" tag="050"><subfield code="a">Newspaper 7225-X</subfield></datafield><datafield ind1="1" ind2="4" tag="050"><subfield code="a">AN</subfield></datafield><datafield ind1="0" ind2=" " tag="130"><subfield code="a">Constitution (Middletown, Conn. : 1838)</subfield></datafield><datafield ind1="0" ind2="4" tag="245"><subfield code="a">The constitution.</subfield></datafield><datafield ind1=" " ind2=" " tag="260"><subfield code="a">Middletown, Conn. :</subfield><subfield code="b">A. Newton, Jr.,</subfield><subfield code="c">1838-</subfield></datafield><datafield ind1=" " ind2=" " tag="300"><subfield code="a">v. ;</subfield><subfield code="c">68 cm.</subfield></datafield><datafield ind1=" " ind2=" " tag="310"><subfield code="a">Weekly</subfield></datafield><datafield ind1="0" ind2=" " tag="362"><subfield code="a">Vol. 1, no. 1 (Jan. 3, 1838)-v. 52, no. 36 (Sept. 14, 1889).</subfield></datafield><datafield ind1=" " ind2=" " tag="500"><subfield code="a">"Whig."</subfield></datafield><datafield ind1=" " ind2=" " tag="500"><subfield code="a">Publishers: Abner Newton, 1838-&lt;1877&gt;; Charles W. Church, &lt;1877&gt;-1888; and Frank J. Starr, 1889.</subfield></datafield><datafield ind1=" " ind2=" " tag="515"><subfield code="a">Issues for Nov. 13, 1877-Sept. 14, 1889 also called: Whole no. 2081-2692.</subfield></datafield><datafield ind1=" " ind2=" " tag="530"><subfield code="a">Available on microfilm from Graphic Microfilm of New England.</subfield></datafield><datafield ind1=" " ind2=" " tag="580"><subfield code="a">Daily eds.: Constitution (Middletown, Conn. : 1847), &lt;1847&gt;, and: Daily constitution (Middletown, Conn.), July 10, 1872-Aug. 5, 1876, and: Evening journal (Middletown, Conn.), &lt;1888&gt;.</subfield></datafield><datafield ind1=" " ind2="0" tag="651"><subfield code="a">Middletown (Conn.)</subfield><subfield code="v">Newspapers.</subfield></datafield><datafield ind1=" " ind2="7" tag="651"><subfield code="a">Connecticut</subfield><subfield code="z">Middletown.</subfield><subfield code="2">fast</subfield><subfield code="0">(OCoLC)fst01208112</subfield></datafield><datafield ind1=" " ind2="7" tag="655"><subfield code="a">Newspapers.</subfield><subfield code="2">fast</subfield><subfield code="0">(OCoLC)fst01423814</subfield></datafield><datafield ind1="1" ind2=" " tag="700"><subfield code="a">Newton, Abner.</subfield></datafield><datafield ind1="1" ind2=" " tag="700"><subfield code="a">Church, Charles W.</subfield></datafield><datafield ind1="1" ind2=" " tag="700"><subfield code="a">Starr, Frank J.</subfield></datafield><datafield ind1=" " ind2=" " tag="752"><subfield code="a">United States</subfield><subfield code="b">Connecticut</subfield><subfield code="c">Middlesex</subfield><subfield code="d">Middletown.</subfield></datafield><datafield ind1="1" ind2=" " tag="775"><subfield code="t">Constitution (Middletown, Conn. : 1847)</subfield></datafield><datafield ind1="1" ind2=" " tag="775"><subfield code="t">Daily constitution (Middletown, Conn.)</subfield><subfield code="w">(DLC)sn 84022703</subfield><subfield code="w">(OCoLC)10529097</subfield></datafield><datafield ind1="1" ind2=" " tag="775"><subfield code="t">Evening journal (Middletown, Conn.)</subfield><subfield code="w">(DLC)sn 93053766</subfield></datafield><datafield ind1="0" ind2="0" tag="785"><subfield code="t">Middletown constitution</subfield><subfield code="w">(DLC)sn 93054066</subfield></datafield><datafield ind1="4" ind2="1" tag="856"><subfield code="3">12/29/1841 to 12/30/1879</subfield><subfield code="u">http://infoweb.newsbank.com/?db=EANX&amp;s_browseRef=decades/1118D16A8F655090/all.xml</subfield></datafield><datafield ind1=" " ind2=" " tag="938"><subfield code="a">Kirtas Technologies, Inc.</subfield><subfield code="b">KRTS</subfield><subfield code="n">736010</subfield></datafield></record>